@inproceedings{huy2019predicting,
  title={Predicting Cryptocurrency Price Movements Based on Social Media},
  author={Huy, Nguyen Huynh and Dao, Bo and Mai, Thanh-Tan and Nguyen-An, Khuong and others},
  booktitle={2019 International Conference on Advanced Computing and Applications (ACOMP)},
  pages={57--64},
  year={2019},
  organization={IEEE}
}

@inproceedings{sattarov2020forecasting,
  title={Forecasting Bitcoin Price Fluctuation by Twitter Sentiment Analysis},
  author={Sattarov, Otabek and Jeon, Heung Seok and Oh, Ryumduck and Lee, Jun Dong},
  booktitle={2020 International Conference on Information Science and Communications Technologies (ICISCT)},
  pages={1--4},
  year={2020},
  organization={IEEE}
}

@misc{twitter_api_docs,
  title = {Twitter API},
  howpublished = {\url{https://developer.twitter.com/en/docs/twitter-api}},
  note = {Accessed: 2021-12-02}
}

@misc{snscrape_git,
  title = {Snscrape Github repository},
  howpublished = {\url{https://github.com/JustAnotherArchivist/snscrape}},
  note = {Accessed: 2021-12-02}
}

@misc{binance_web_socket,
  title = {Binance Websocket Docs},
  howpublished = {\url{https://github.com/binance/binance-spot-api-docs/blob/master/web-socket-streams.md}},
  note = {Accessed: 2021-12-02}
}

@misc{binance_public_data,
  title = {Binance Public Data},
  howpublished = {\url{https://github.com/binance/binance-public-data}},
  note = {Accessed: 2021-12-02}
}